<?xml version="1.0" encoding="UTF-8"?>
<collection xmlns:xsi="http://www.w3.org/2001/XMLSchema-instance" xsi:schemaLocation="http://www.loc.gov/MARC21/slim http://www.loc.gov/standards/marcxml/schema/MARC21slim.xsd" xmlns="http://www.loc.gov/MARC21/slim">
<record>
  <leader>00767cam a2200229 a 4500</leader>
  <controlfield tag="001">3072879</controlfield>
  <controlfield tag="003">NNC</controlfield>
  <controlfield tag="005">20151019143202.0</controlfield>
  <controlfield tag="008">000829s1881    tu            000 0 arard</controlfield>
  <datafield tag="035" ind1=" " ind2=" ">
    <subfield code="a">(OCoLC)ocm44898508</subfield>
  </datafield>
  <datafield tag="035" ind1=" " ind2=" ">
    <subfield code="9">ATP5954CU</subfield>
  </datafield>
  <datafield tag="035" ind1=" " ind2=" ">
    <subfield code="a">(NNC)3072879</subfield>
  </datafield>
  <datafield tag="040" ind1=" " ind2=" ">
    <subfield code="a">IUL</subfield>
    <subfield code="c">IUL</subfield>
    <subfield code="d">ZCU</subfield>
  </datafield>
  <datafield tag="050" ind1=" " ind2="4">
    <subfield code="a">PJ6620.F54</subfield>
    <subfield code="b">S5</subfield>
  </datafield>
  <datafield tag="099" ind1=" " ind2=" ">
    <subfield code="a">893.73</subfield>
    <subfield code="a">F5193</subfield>
  </datafield>
  <datafield tag="100" ind1="1" ind2=" ">
    <subfield code="a">Shidyāq, Aḥmad Fāris,</subfield>
    <subfield code="d">1804?-1887.</subfield>
  </datafield>
  <datafield tag="245" ind1="1" ind2="3">
    <subfield code="a">al-Jāsūs ʻalá al-Qāmūs /</subfield>
    <subfield code="c">taʾlīf Aḥmad Fāris Afandī.</subfield>
  </datafield>
  <datafield tag="260" ind1=" " ind2=" ">
    <subfield code="a">Qusṭanṭīnīyah :</subfield>
    <subfield code="b">Maṭbaʻat al-Jawāʾib,</subfield>
    <subfield code="c">1299 [1881 or 2]</subfield>
  </datafield>
  <datafield tag="300" ind1=" " ind2=" ">
    <subfield code="a">690 p.</subfield>
  </datafield>
  <datafield tag="600" ind1="1" ind2="0">
    <subfield code="a">Fīrūzābādī, Muḥammad ibn Yaʻqūb,</subfield>
    <subfield code="d">1329-1414 or 1415.</subfield>
    <subfield code="t">Qāmūs al-muḥīṭ.</subfield>
  </datafield>
  <datafield tag="650" ind1=" " ind2="0">
    <subfield code="a">Arabic language</subfield>
    <subfield code="x">Lexicography.</subfield>
  </datafield>
  <datafield tag="955" ind1=" " ind2=" ">
    <subfield code="b">CU07840977</subfield>
    <subfield code="d">off,glx</subfield>
    <subfield code="e">893.73 F5193</subfield>
  </datafield>
</record>
</collection>